% Tese de Doutorado
@PHDTHESIS{PaquetePhD,
  AUTHOR = {L.~Paquete},
  TITLE = {Stochastic Local Search Algorithms for Multiobjective Combinatorial
Optimization Problems: Methods and Analysis},
  SCHOOL = {Techniche Universit\"at Darmstadt},
  YEAR = {2005}
}


% Relatorio tecnico
@TechReport{Jaszkiewicz,
AUTHOR={ Andrzej Jas},
TITLE={Genetic local search for multiple objective combinatorial optimization},
YEAR=1998,
INSTITUTION={Institute of Computing Science, Poznan University of Technology},
NUMBER={RA-014/98}
}

@book{sommerville,
 author = {Sommerville, Ian},
 title = {Software Engineering: (Update) (8th Edition) (International Computer Science)},
 year = {2006},
 isbn = {0321313798},
 publisher = {Addison-Wesley Longman Publishing Co., Inc.},
 address = {Boston, MA, USA},
} 


% Capitulo de Livro
@InBook{KnowlesBoundedPareto,
  author = 	 {Joshua Knowles and David Corne},
  editor = 	 {X. Gandibleux and M. Sevaux and K. S\"orensen and V. \relax{T'Kindt}},
  title = 	 {Metaheuristics for Multiobjective Optimisation},
  chapter = 	 {Bounded {P}areto Archiving: Theory and Practice},
  publisher = 	 {Springer},
  year = 	 {2004},
  volume = 	 {535},
  series = 	 {Lecture Notes in Economics and Mathematical Systems},
  pages = 	 {39--64},
  OPTannote = 	 {ISBN: 3-540-20637-X }
}


% Artigo em anais de congresso
@InProceedings{KnowlesBoundedLebesgue,
  author = 	 {Joshua D. Knowles and David W. Corne and Mark Fleischer},
  title = 	 {Bounded Archiving using the {L}ebesgue Measure},
  booktitle = 	 {Proceedings of the IEEE Congress on Evolutionary Computation},
  pages = 	 {2490--2497},
  year = 	 {2003},
  publisher = {IEEE Press}
}


% Artigo de jornal
@Article{LopezPaqueteStu,
  AUTHOR = { Manuel L{\'o}pez-Ib{\'a}{\~n}ez  and  Lu\'is Paquete  and  Thomas St{\"u}tzle },
  TITLE = {Hybrid Population-based Algorithms for the
                  Bi-objective Quadratic Assignment Problem},
  JOURNAL = {Journal of Mathematical Modelling and Algorithms},
  YEAR = 2006,
  VOLUME = 5,
  NUMBER = 1,
  PAGES = {111--137}
 }
 
@Article{Lopez,
  AUTHOR = { Manuel L{\'o}pez-Ib{\'a}{\~n}ez  and  Lu\'is Paquete  and  Thomas St{\"u}tzle },
  TITLE = {Hybrid Population-based Algorithms for the
                  Bi-objective Quadratic Assignment Problem},
  JOURNAL = {Journal of Mathematical Modelling and Algorithms},
  YEAR = 2006,
  VOLUME = 5,
  NUMBER = 1,
  PAGES = {111--137}
 }
 
@Misc{Xbian,
	author =     {{XBIAN COMMUNITY}},
    title =      {DB2XML 1.4:  relational databases into  documents},    
    year = {2017},
    note = {Out., 2017.Disponível em: <\url{http://www.xbian.org/preliminary-raspberry-pi-3-support}>. Acesso em Março 1,2017}
}

@Misc{oracleJava,
	author =     {{ORACLE}},
    title =      {Obtenha Informações sobre a Tecnologia Java},    
    year = {2016},
    note = {Disponível em: <\url{https://www.java.com/pt_BR/about/}>. Acesso em 13 out 2016.}
}


@Misc{justo,
	author =     {P Justo},
    title =      {Raspberry Pi or Arduino? One Simple Rule to Choose the Right Board},    
    year = {2016},
    note = {Disponível em: <\url{http://makezine.com/2015/12/04/admittedly-simplistic-guide-raspberry-pi-vs-arduino/}>. Acesso em 11 out 2016.}
}



% Livro
@Book{bezerra,
  author =       {Eduardo Bezerra},
  title =        {Princípios de Análise e Projeto de Sistemas com UML},
  publisher =    {Elsevier},
  year =         {2007},
  edition =      {2th},
  address = {Rio de Janeiro}
}

@Misc{pi4j,
	author =     {{PI4J}},
    title =      {The Pi4J Project: Java I/O Library for Raspberry Pi},    
    year = {2017},
    note = {Disponível em: <\url{http://blog.condecosoftware.com/how-to-solve-the-problem-of-meeting-room-no-shows}>. Acesso em Out 2016}
}







@Article{atzori,
author = {L Atzori},
title = {The Internet of Things: A Survey},
journal = {Computer Networks},
year = {2010},
volume = {54},
pages = {2787--2805}

}

@INPROCEEDINGS{tran, 
author={L. D. Tran and A. Stojcevski and T. C. Pham and T. de Souza-Daw and N. T. Nguyen and V. Q. Nguyen and C. M. Nguyen}, 
booktitle={2016 IEEE Sixth International Conference on Communications and Electronics (ICCE)}, 
title={A smart meeting room scheduling and management system with utilization control and ad-hoc support based on real-time occupancy detection}, 
year={2016}, 
pages={186-191},  
doi={10.1109/CCE.2016.7562634}, 
month={July}}  	
}
@Misc{duncan,
	author =     {Justin Duncan},
    title =      {How to solve the problem of meeting room no-shows},    
    year = {2016},
    note = {Out., 2016.Disponível em: <\url{http://blog.condecosoftware.com/how-to-solve-the-problem-of-meeting-room-no-shows}>. Acesso em Outubro ,2016}
}

@Misc{cybervision,
	author =     {{CYBERVISION INC.}},
    title =      {Architeture Overview},    
    year = {2016},
    note = {Disponível em: <\url{https://kaaproject.github.io/kaa/docs/v0.10.0/Architecture-overview/}>. Acesso em Out ,2016}
}


@Misc{cybervision-arq,
	author =     {{CYBERVISION INC.}},
    title =      {Architeture Overview},    
    year = {2016},
    note = {Disponível em: <\url{https://kaaproject.github.io/kaa/docs/v0.10.0/Architecture-overview/attach/high-level-architecture.png
}> Acesso em Out 2016}
}



@Misc{cybervision-events,
	author =     {{CYBERVISION INC.}},
    title =      {Events},    
    year = {2016},
    note = {Disponível em: <\url{https://kaaproject.github.io/kaa/docs/v0.10.0/Programming-guide/Key-platform-features/Events/}>. Acesso em Out ,2016}
}


@Misc{box,
	author =     {{BOX ELECTRÓNICA}},
    title =      {How to solve the problem of meeting room no-shows},    
    year = {2017},
    note = {Disponível em: <\url{https://www.boxelectronica.com/pt/rfid-nfc/77-leitor-rfid-rc522.html}>. Acesso em 02 Mar 2017}
}

@Misc{easy,
	author =     {{EASY ELECTRONYX}},    
    year = {2017},
    note = {Disponível em: <\url{https://easyelectronyx.com/wp-content/uploads/2017/01/motion-sensor-productshot-01.jpg}>. Acesso em 01 Mar 2017}
}

@Misc{johnson,
	author =     {Rod Johnson and Juergen Hoeller and Keith Donald and Colin Sampaleanu and Rob Harrop and Thomas Risberg and Alef
Arendsen and Darren Davison}, 
	title = {Spring Framework Reference},   
    year = {2017},
    note = {Disponível em: <\url{http://docs.spring.io/spring/docs/current/spring-framework-reference/pdf/spring-framework-reference.pdf}>. Acesso em 17 Mar 2017}
}
  
  

@Misc{kaaiot,
	author =     {{KAAIOT TECHNOLOGIES}}, 
	title = {Kaa IoT Development Platform overview},   
    year = {2016},
    note = {Disponível em: <\url{https://www.kaaproject.org/overview/}> Acesso em 12 Nov 2016}
}

@Misc{oracle-mysql,
	author =     {{Oracle}}, 
	title = {About MySQL},   
    year = {2017},
    note = {Disponível em: <\url{http://www.biblioteca.fsp.usp.br/~biblioteca/guia/a_cap_03.htm>.}>. Acesso em 17 Mar 2017}
}


@Misc{nxp,
	author =     {{NXP SEMICONDUCTORS}},
    title =      {MRFC522:Standard performance MIFARE and NTAG frontend},    
    year = {2017},
    note = {Disponível em: <\url{https://www.nxp.com/documents/data_sheet/MFRC522.pdf}>. Acesso em 17 Mar 2017}
}

@Misc{adafruit,
	author =     {{ADAFRUIT}},
    title =      {PIR Motion Sensor:Pyroelectric ("Passive") InfraRed Sensors},    
    year = {2017},
    note = {Disponível em: <\url{https://learn.adafruit.com/pir-passive-infrared-proximity-motion-sensor?view=all}>. Acesso em 16 de Mar 2017}
}
@ARTICLE{fuqaha, 
author={A. Al-Fuqaha and M. Guizani and M. Mohammadi and M. Aledhari and M. Ayyash}, 
journal={IEEE Communications Surveys Tutorials}, 
title={Internet of Things: A Survey on Enabling Technologies, Protocols, and Applications}, 
year={2015}, 
volume={17}, 
number={4}, 
pages={2347-2376}, 
ISSN={1553-877X}, 
}

@Article{harris,
author = {Ana Harris},
title = {Smart Buildings},
journal = {Energy And Technology Magazine },
year = {2012},
volume = {57},
pages = {277--295}

}

@INPROCEEDINGS{tan&wang, 
author={Lu Tan and Neng Wang}, 
booktitle={2010 3rd International Conference on Advanced Computer Theory and Engineering(ICACTE)}, 
title={Future internet: The Internet of Things}, 
year={2010}, 
volume={5}, 
pages={376--380}, 
ISSN={2154-7491}, 
month={Aug}}

@INPROCEEDINGS{padma, 
author={	Kumar Padmanabh and 	Adi Malikarjuna and Sougata Sen and Siva Prasad Katru}, 
booktitle={BuildSys '09 Proceedings of the First ACM Workshop on Embedded Sensing Systems for Energy-Efficiency in Buildings }, 
title={iSense: A Wireless Sensor Network Based Conference Room Management System}, 
year={2009},  
pages={37--32}, 
}

@Misc{rao,
	author =     {{Kalaga VSS GUNNESWARA RAO }},
    title =      {IoT Middleware},    
    year = {2016},
    note = {Disponível em: <\url{<https://www.linkedin.com/pulse/iot-middleware-kalaga-vsss-gunneswara-rao}>. Acesso em 10 out 2016}
}

@Misc{microsoft,
	author =     {{Microsoft and Fritzing }},
    year = {2016},
    note = {Disponível em: <\url{<https://az835927.vo.msecnd.net/sites/iot/Resources/images/PinMappings/RP2_Pinout.png}>. Acesso em 10 out 2016}
}

%Referencia da Web


